<?xml version="1.0" encoding="UTF-8"?>
<OAI-PMH xmlns="http://www.openarchives.org/OAI/2.0/" xmlns:xsi="http://www.w3.org/2001/XMLSchema-instance" xsi:schemaLocation="http://www.openarchives.org/OAI/2.0/ http://www.openarchives.org/OAI/2.0/OAI-PMH.xsd">
  <ListRecords>
    <record>
      <header>
        <identifier>aleph-publish:020424653</identifier>
      </header>
      <metadata>
        <record xmlns="http://www.ddb.de/professionell/mabxml/mabxml-1.xsd">
          <leader>00000nM2.01200024------h</leader>
          <controlfield tag="LDR">00000nM2.01200024------h</controlfield>
          <controlfield tag="FMT">MH</controlfield>
          <datafield tag="001" ind1="-" ind2="1">
            <subfield code="a">HT018295975</subfield>
          </datafield>
          <datafield tag="002" ind1="a" ind2="1">
            <subfield code="a">20140616</subfield>
          </datafield>
          <datafield tag="003" ind1="-" ind2="1">
            <subfield code="a">20141105</subfield>
          </datafield>
          <datafield tag="025" ind1="o" ind2="1">
            <subfield code="a">881390203</subfield>
          </datafield>
          <datafield tag="026" ind1="-" ind2="1">
            <subfield code="a">HBZHT018295975</subfield>
          </datafield>
          <controlfield tag="030">a||da||||||37</controlfield>
          <datafield tag="036" ind1="a" ind2="1">
            <subfield code="a">XA-DE-SN</subfield>
          </datafield>
          <datafield tag="037" ind1="b" ind2="1">
            <subfield code="a">ger</subfield>
          </datafield>
          <controlfield tag="050">a|a|||||||||||</controlfield>
          <controlfield tag="051">mf||||||</controlfield>
          <datafield tag="064" ind1="a" ind2="1">
            <subfield code="a">Bibliografie</subfield>
            <subfield code="9">(DE-588)4006432-3</subfield>
          </datafield>
          <datafield tag="064" ind1="a" ind2="1">
            <subfield code="a">Aufsatzsammlung</subfield>
            <subfield code="9">(DE-588)4143413-4</subfield>
          </datafield>
          <datafield tag="070" ind1="-" ind2="1">
            <subfield code="a">6</subfield>
          </datafield>
          <datafield tag="070" ind1="b" ind2="1">
            <subfield code="a">929</subfield>
          </datafield>
          <datafield tag="078" ind1="n" ind2="1">
            <subfield code="a">NWBib-6</subfield>
          </datafield>
          <datafield tag="080" ind1="-" ind2="1">
            <subfield code="a">60</subfield>
          </datafield>
          <datafield tag="100" ind1="b" ind2="1">
            <subfield code="p">Moczarski, Norbert</subfield>
            <subfield code="d">1953-</subfield>
            <subfield code="b">[Hrsg.]</subfield>
            <subfield code="9">(DE-588)136529348</subfield>
          </datafield>
          <datafield tag="104" ind1="f" ind2="1">
            <subfield code="p">Mötsch, Johannes</subfield>
            <subfield code="d">1949-</subfield>
            <subfield code="9">(DE-588)12174793X</subfield>
          </datafield>
          <datafield tag="331" ind1="-" ind2="1">
            <subfield code="a">Thüringische und rheinische Forschungen</subfield>
          </datafield>
          <datafield tag="335" ind1="-" ind2="1">
            <subfield code="a">Bonn - Koblenz - Weimar - Meiningen ; Festschrift für Johannes Mötsch zum 65. Geburtstag</subfield>
          </datafield>
          <datafield tag="359" ind1="-" ind2="1">
            <subfield code="a">hrsg. von Norbert Moczarski ...</subfield>
          </datafield>
          <datafield tag="403" ind1="-" ind2="1">
            <subfield code="a">1. Aufl.</subfield>
          </datafield>
          <datafield tag="410" ind1="-" ind2="1">
            <subfield code="a">Leipzig [u.a.]</subfield>
          </datafield>
          <datafield tag="412" ind1="-" ind2="1">
            <subfield code="a">Salier</subfield>
          </datafield>
          <datafield tag="425" ind1="a" ind2="1">
            <subfield code="a">2014</subfield>
          </datafield>
          <datafield tag="433" ind1="-" ind2="1">
            <subfield code="a">596 S. : Ill.</subfield>
          </datafield>
          <datafield tag="540" ind1="a" ind2="1">
            <subfield code="a">978-3-943539-23-3</subfield>
            <subfield code="b">Gb. : EUR 29.95 (DE), EUR 30.80 (AT), sfr 40.90 (freier Pr.)</subfield>
          </datafield>
          <datafield tag="655" ind1="e" ind2="1">
            <subfield code="m">X:MVB</subfield>
            <subfield code="q">text/html</subfield>
            <subfield code="u">http://deposit.d-nb.de/cgi-bin/dokserv?id=4685554&amp;prov=M&amp;dok_var=1&amp;dok_ext=htm</subfield>
            <subfield code="3">Inhaltstext</subfield>
            <subfield code="A">2</subfield>
          </datafield>
          <datafield tag="655" ind1="e" ind2="1">
            <subfield code="m">B:DE-101</subfield>
            <subfield code="q">application/pdf</subfield>
            <subfield code="u">http://digitale-objekte.hbz-nrw.de/storage2/2014/11/09/file_16/5852707.pdf</subfield>
            <subfield code="3">Inhaltsverzeichnis</subfield>
            <subfield code="A">2</subfield>
          </datafield>
          <datafield tag="700" ind1="l" ind2="1">
            <subfield code="a">330</subfield>
          </datafield>
          <datafield tag="700" ind1="l" ind2="1">
            <subfield code="a">560</subfield>
          </datafield>
          <datafield tag="700" ind1="l" ind2="1">
            <subfield code="a">130</subfield>
          </datafield>
          <datafield tag="700" ind1="-" ind2="1">
            <subfield code="a">900</subfield>
            <subfield code="2">DNB</subfield>
          </datafield>
          <datafield tag="902" ind1="-" ind2="1">
            <subfield code="p">Mötsch, Johannes</subfield>
            <subfield code="d">1949-</subfield>
            <subfield code="9">(DE-588)12174793X</subfield>
          </datafield>
          <datafield tag="907" ind1="-" ind2="1">
            <subfield code="g">Thüringen</subfield>
            <subfield code="9">(DE-588)4059979-6</subfield>
          </datafield>
          <datafield tag="907" ind1="-" ind2="1">
            <subfield code="z">Geschichte</subfield>
          </datafield>
          <controlfield tag="SYS">020424653</controlfield>
          <datafield tag="LOW" ind1="-" ind2="1">
            <subfield code="a">R0001</subfield>
          </datafield>
          <datafield tag="LOW" ind1="-" ind2="1">
            <subfield code="a">Q1107</subfield>
          </datafield>
          <datafield tag="957" ind1="-" ind2="1">
            <subfield code="g">Freistaat Thüringen</subfield>
          </datafield>
          <datafield tag="957" ind1="-" ind2="1">
            <subfield code="g">Land Thüringen</subfield>
          </datafield>
          <datafield tag="957" ind1="-" ind2="1">
            <subfield code="g">Thuringia</subfield>
          </datafield>
          <datafield tag="957" ind1="-" ind2="1">
            <subfield code="g">Thüringer Land</subfield>
          </datafield>
          <datafield tag="957" ind1="-" ind2="1">
            <subfield code="g">Großthüringen</subfield>
          </datafield>
          <datafield tag="957" ind1="-" ind2="1">
            <subfield code="g">Grossthüringen</subfield>
          </datafield>
          <datafield tag="957" ind1="-" ind2="1">
            <subfield code="g">Großgemarkung Thüringen</subfield>
          </datafield>
          <datafield tag="957" ind1="-" ind2="1">
            <subfield code="g">Vereinigte Thüringische Staaten</subfield>
          </datafield>
          <datafield tag="088" ind1=" " ind2=" ">
            <subfield code="a">929</subfield>
            <subfield code="b">00000000</subfield>
            <subfield code="c">2014/3450</subfield>
            <subfield code="e">ILL Ausleihe</subfield>
          </datafield>
          <datafield tag="088" ind1=" " ind2=" ">
            <subfield code="a">5/39</subfield>
            <subfield code="b">00054000</subfield>
            <subfield code="c">C 60/145/10</subfield>
            <subfield code="e">keine ILL</subfield>
          </datafield>
          <datafield tag="088" ind1=" " ind2=" ">
            <subfield code="a">6</subfield>
            <subfield code="c">3K 51779</subfield>
            <subfield code="e">keine Angabe</subfield>
          </datafield>
        </record>
      </metadata>
    </record>
  </ListRecords>
</OAI-PMH>
